1783 3156
71 95 140 129 IIII
161 98 180 129 6
201 99 288 130 43-
296 97 340 129 62

619 91 764 126 MILES
791 90 1072 127 GLORIOSVS.

1543 90 1624 131 121

69 200 156 243 AC.
182 199 336 242 Nescio
367 199 443 241 ubi
473 199 542 240 hic
573 212 704 252 prope
735 198 856 239 adest
886 211 1010 252 quem
1042 199 1192 251 expeto
1223 197 1384 238 uidere:
1418 198 1504 239 olet
1531 213 1626 252 pro-

639 256 761 298 fecto.

70 316 290 360 PY.Nas6
311 318 383 371 pol
402 317 488 358 iam
506 316 611 357 haee
632 314 800 414 ‹lquidlem
819 314 915 384 plus
934 314 1052 413 utidet
1072 329 1199 369 quam
1220 313 1365 356 oculis.
1390 313 1477 355 PA.
1491 312 1627 356 Caeca

649 386 727 414 zero
743 386 763 413 e
782 386 946 413 amores
970 405 978 413 .

70 434 156 477 AC.
177 434 291 476 Tene
311 449 391 488 me,
410 433 598 475 obsecro.
636 430 715 472 ΜΙ.
736 430 879 479 Quor?
919 429 1006 472 AC.
1025 429 1092 471 Ne
1112 431 1273 472 eadam.
1310 430 1387 471 MI.
1409 430 1518 479 Quid
1538 430 1628 471 itai?

636 488 723 530 AO.
743 488 851 537 Quia
871 490 983 529 stare
1002 503 1183 543 nequeo:

1539 500 1628 531 1260

69 551 137 593 Ita
168 552 335 593 animus
366 565 442 605 per
473 549 616 591 oeul6s
648 562 766 588 meus
797 546 901 588 mihi
931 547 1043 588 defit
1103 546 1181 588 ΜΙ.
1212 546 1396 588 Militem
1427 548 1499 601 pol

448 605 536 649 AC.
566 606 644 648 Ita.

70 609 134 651 Tu
173 609 387 664 aspexisti.

706 605 784 646 ΜΙ.
815 604 916 647 Non
952 603 1091 647 uldeo:
1133 605 1278 647 ubist?
1339 604 1628 647 AO.Vid61es

634 664 718 719 pol,
749 664 784 704 si
818 678 996 705 amares.

69 726 148 768 ΜΙ.
179 726 281 768 Non
312 725 462 780 edepol
491 727 539 765 tu
569 724 691 765 illum
722 722 859 777 mzigis
892 736 1010 764 amas
1043 737 1170 777 quam
1202 737 1281 778 ego
1314 724 1464 777 amem,
1491 723 1526 764 si
1556 737 1631 777 per

634 784 677 822 te
707 780 844 822 liceat.

70 843 159 885 PA.
191 843 348 885 Omnes
379 841 570 896 profecto
603 840 801 881 mulieres
832 841 875 880 te
907 840 1066 893 ament,
1097 842 1146 880 ut
1177 854 1367 894 quaeque
1401 840 1576 894 aspexit.

68 902 157 944 PY.
187 900 361 955 Nescio,
396 903 442 942 tu
482 914 533 941 ex
569 913 637 940 me
667 899 750 939 hoe
781 896 995 939 audiueris
1027 912 1082 939 an
1113 899 1217 939 non:
1258 913 1391 952 nepos
1424 913 1518 939 sum
1549 898 1630 940 Ve-

634 957 761 998 neris.

1541 967 1630 998 1265

69 1017 156 1061 AG.
183 1018 281 1060 Mea
311 1016 615 1071 Milphidippa,
646 1015 715 1056 adi
747 1015 922 1056 obsecro
955 1017 998 1056 et
1029 1015 1298 1070 congredere.
1358 1014 1447 1056 PY.
1472 1015 1534 1056 Vt
1564 1029 1631 1056 me

636 1075 817 1116 ueretur.

69 1121 157 1178 ΡᾹ.
199 1135 280 1177 Ina
323 1135 376 1176 ad
418 1148 498 1176 nos
540 1133 693 1188 pergit.
762 1132 843 1174 ΜΙ.

880 1131 970 1173 Vos
1014 1133 1124 1174 uolo.

1194 1131 1284 1174 PY.
1326 1131 1385 1173 Et
1427 1133 1506 1173 nos
1549 1132 1632 1173 ted.

635 1191 716 1233 ΜΙ.
746 1190 806 1232 Ut
836 1189 1012 1244 iussisti,

69 1252 203 1295 Erzim
234 1266 373 1294 meam
405 1249 533 1293 eduxi
561 1251 688 1292 foras.
750 1249 838 1290 PY.
869 1249 1017 1290 Video.
1078 1248 1157 1290 ΜΙ.
1189 1249 1293 1290 Iube
1326 1263 1427 1304 ergo
1460 1248 1590 1291 adire.

69 1311 159 1353 PY.
189 1311 343 1352 Induxi
374 1310 419 1351 in
451 1310 639 1351 animum
669 1323 723 1350 ne
756 1307 917 1349 6derim
941 1308 1044 1349 item
1069 1310 1118 1348 ut
1144 1307 1260 1361 eilias,
1293 1308 1462 1362 quando
1490 1308 1633 1350 oresti.

71 1369 150 1412 MI.
193 1369 385 1411 Verbum
435 1368 583 1422 edepol
630 1367 771 1409 faeere
820 1368 909 1407 11611
958 1367 1088 1420 potis,
1142 1366 1179 1406 si
1229 1367 1454 1408 accesserit
1501 1381 1633 1421 prope

639 1426 692 1467 ad
723 1428 778 1466 te:

1543 1436 1633 1466 1270

71 1487 185 1529 Dum
217 1489 258 1528 te
291 1487 502 1540 (5131311θὺ111,
532 1483 704 1526 mterim
735 1484 927 1539 linguam
959 1483 1071 1525 661111
1102 1483 1412 1542 praeciderunt.

70 1545 159 1588 PY.
190 1545 440 1587 Leuandum
476 1544 674 1586 morbum
717 1542 885 1583 mulieri
921 1542 1057 1584 uideo.
1116 1541 1197 1583 ΜΙ.
1229 1535 1286 1584 [t
1321 1542 1467 1583 tremit
1506 1545 1633 1597 atque

639 1599 847 1653 extlmuib,

689 1659 776 1701 PY.
814 1657 910 1701 V1ri
954 1673 1120 1714 quoque
1171 1659 1324 1700 armati
1367 1659 1480 1701 idem
1524 1660 1636 1702 istuc

71 1662 306 1718 Postquam
354 1664 397 1703 te
447 1661 622 1715 aspexit.

638 1718 814 1772 faiciunb,

72 1778 139 1821 Ne
169 1782 216 1821 tu
247 1779 400 1820 mirere
431 1778 662 1820 mulierem
713 1777 786 1818 sed
818 1774 921 1831 quid
952 1776 1027 1818 illa
1058 1777 1151 1818 uolt
1181 1790 1248 1817 me
1280 1776 1448 1819 faeere?

73 1837 153 1880 ΜΙ.
173 1838 242 1880 Ad
268 1852 312 1879 se
337 1840 385 1879 ut
409 1851 498 1878 eas:
530 1838 670 1877 tecum
690 1835 835 1877 uiuere
854 1834 946 1876 uolt
966 1835 1111 1900 atque·
1121 1837 1305 1876 aetatem
1332 1834 1635 1890 exlgere.1275

72 1896 161 1938 PY.
183 1896 310 1952 Egon
336 1896 389 1938 ad
413 1896 530 1937 illam
551 1909 657 1949 eam,
677 1908 783 1949 quae
803 1895 938 1947 nupta
961 1893 1044 1934 sit?
1070 1893 1137 1934 uir
1162 1894 1252 1935 eius
1280 1895 1347 1935 est
1371 1894 1636 1935 mefiuendus

74 1955 153 1997 ΜΙ.
185 1954 297 2004 Quin
334 1955 410 1996 tua
448 1969 575 1996 eausa
613 1952 756 2008 exeglt
791 1952 931 1993 uirum
969 1952 1022 1993 ab
1061 1966 1117 1993 se.
1177 1951 1264 1993 PY.
1297 1951 1438 2002 Qu1d‘?
1484 1953 1556 2008 qui
1592 1953 1636 1994 id

640 2012 778 2053 facere
809 2010 980 2066 potuit?

125 2145 227 2177 1258.
264 2141 328 2176 ubi
363 2141 438 2184 hic,
477 2152 504 2175 s.
531 2152 576 2174 zu
607 2143 639 2174 9.
673 2160 716 2164 —
755 2140 822 2174 olet

76 2187 288 2234 personlich
320 2199 369 2223 sc.
395 2187 427 2221 is
462 2198 573 2232 quem
603 2187 734 2231 expeto
766 2186 822 2221 vi-

76 2235 174 2279 dere,
193 2235 277 2270 wir:
302 2234 374 2270 ich
392 2233 545 2269 witssre
570 2233 657 2268 ihn.
685 2233 819 2277 Amph.

77 2283 96 2316 I
112 2287 143 2325 1,
158 2285 224 2317 165
250 2283 318 2317 olet
341 2282 443 2315 homo
462 2281 611 2325 quidam
632 2281 684 2323 (es
703 2280 823 2314 rieeht

77 2329 174 2364 nach
198 2327 426 2371 Menschen).
453 2328 559 2362 Truc.
580 2327 597 2361 I
622 2331 655 2371 2,
682 2330 725 2361 29
753 2327 822 2361 oles

79 2376 176 2411 unde
201 2386 236 2410 es
261 2374 505 2418 disciplinam.
549 2373 632 2409 Aul.
653 2374 686 2407 II
712 2378 749 2416 2,
776 2378 820 2407 39

80 2433 214 2458 aurum
238 2422 322 2456 huic
347 2422 423 2456 olet.
452 2421 548 2456 Men.
574 2421 609 2455 II
635 2424 666 2464 3,
692 2424 737 2455 33
764 2421 821 2455 ob-

77 2470 170 2505 oluit
194 2468 448 2513 marsuppium
472 2469 565 2502 huic.

125 2531 227 2563 1261.
254 2538 324 2572 per
360 2527 480 2563 oeulos
515 2525 565 2561 ist
601 2526 742 2561 erklarh
779 2538 822 2560 zu

77 2575 174 2610 Men.
199 2575 217 2609 I
242 2579 275 2619 2,
300 2578 344 2609 46
371 2576 479 2619 (160),
504 2573 578 2618 vgl.
609 2576 708 2607 1271.

77 2642 254 2729 Π12262.2
264 2639 317 2674 ita
347 2638 441 2674 ohne
476 2642 543 2681 est,
582 2650 608 2673 s.
642 2650 687 2672 zu
718 2636 821 2682 Capt.

127 2752 229 2784 1267.
257 2751 289 2783 et
307 2759 372 2783 nos
391 2750 448 2784 ted
466 2749 587 2795 geben
605 2749 664 2784 die
679 2748 823 2783 Bficber

79 2807 173 2841 ganz
198 2795 337 2839 richtig
362 2795 445 2830 dem
470 2795 589 2840 miles,
619 2796 683 2830 der
710 2796 823 2830 sehon

82 2846 171 2877 1242
198 2841 234 2877 ff.
264 2841 377 2876 kaum
403 2840 474 2877 von
498 2842 680 2877 Palastrio
713 2842 820 2886 abge-

893 2138 1021 2173 halten
1035 2137 1183 2173 werden
1196 2137 1335 2172 konnte
1349 2137 1427 2172 sich
1441 2149 1485 2172 zu
1498 2137 1637 2172 nehem

894 2185 969 2219 und
991 2185 1095 2230 jetzt,
1122 2184 1304 2219 nachdem
1330 2184 1450 2219 dieser
1475 2184 1544 2218 mit
1568 2185 1635 2219 illa

895 2233 944 2267 ad
967 2242 1033 2266 nos
1051 2233 1175 2276 peryit
1198 2231 1402 2276 gleichsam
1429 2230 1494 2266 das
1515 2230 1635 2265 Sbieh-

894 2280 989 2313 wort
1025 2279 1211 2324 gegeben,
1254 2279 1331 2313 voll
1366 2277 1638 2323 ungeduldiger

893 2325 1072 2370 Begierde
1092 2325 1151 2360 die
1170 2325 1281 2370 lange
1301 2325 1637 2370 zurfickgehaltene

893 2371 1082 2407 Initiative
1107 2372 1270 2418 ergreift.

943 2423 1045 2455 1270.
1083 2421 1200 2464 potis:
1245 2419 1314 2454 wie
1351 2419 1455 2454 nicht
1496 2431 1565 2453 nur
1601 2428 1637 2453 es

893 2466 969 2500 und
999 2470 1065 2510 est,
1105 2466 1263 2501 sondern
1299 2466 1394 2500 auch
1425 2476 1496 2500 esse
1527 2467 1566 2509 (s.
1592 2477 1636 2499 zu

894 2513 994 2548 Trin.
1014 2517 1092 2548 352.
1119 2513 1215 2548 Men.
1236 2514 1319 2557 625)
1345 2512 1455 2548 dabei
1479 2525 1523 2547 zu
1549 2512 1637 2547 den-

894 2559 967 2594 ken
992 2560 1051 2604 ist,
1078 2571 1118 2595 so
1143 2560 1223 2595 hier
1248 2559 1447 2595 vereinzelt
1475 2560 1553 2594 erit.

945 2611 1046 2642 1271.
1073 2608 1238 2642 obtuetur
1262 2607 1312 2641 ist
1336 2605 1523 2641 natfirlich
1547 2605 1636 2639 Pr'a-

897 2664 990 2698 sens‚
1017 2666 1043 2688 s.
1071 2666 1115 2689 zu
1140 2653 1239 2688 Trin.
1268 2657 1345 2688 708.
1389 2653 1458 2687 Die
1483 2651 1637 2686 Verbin-

895 2700 996 2746 dung
1021 2702 1107 2735 clam
1122 2701 1314 2735 ..interim
1339 2699 1433 2733 noch
1459 2698 1557 2733 Trin.
1579 2701 1634 2732 30.

897 2751 974 2783 757.
1019 2748 1114 2782 Men.
1142 2747 1157 2780 Ι
1184 2751 1216 2789 2,
1243 2751 1297 2781 31.
1342 2746 1434 2779 Rud.
1458 2745 1552 2789 prol.
1579 2748 1635 2779 37.

895 2793 1009 2829 Stich.
1037 2795 1070 2828 ΙΙ
1096 2798 1129 2836 2,
1155 2798 1210 2827 43.
1240 2793 1345 2826 Truc.
1373 2791 1423 2825 IV
1449 2795 1482 2835 2,
1509 2796 1540 2827 5.

943 2845 1045 2875 1273.
1071 2840 1154 2883 viri,
1182 2851 1207 2874 s.
1234 2838 1329 2874 Einl.
1356 2837 1454 2873 Trin.
1483 2839 1516 2874 S.
1545 2843 1600 2874 13.
