1783 3156
143 89 229 131 130

708 87 747 122 T.
774 86 924 122 MACCI
947 85 1129 120 PLAVTI

1509 84 1542 118 V
1564 87 1704 119 15—35

139 196 230 239 PY.
255 185 441 238 Obsecro
472 195 614 236 hercle
646 195 701 247 te‘,
732 207 828 235 mea
852 192 985 233 uerba
1008 194 1057 232 ut
1082 191 1243 245 audias,
1275 187 1392 244 prius
1423 191 1551 246 quam
1576 193 1706 232 secat.

140 255 226 298 PE.
259 255 464 309 L6quere,
496 253 597 293 dum
629 267 717 294 non
748 250 878 292 nihili
908 250 1071 291 factu’s.
1130 249 1218 291 PY.
1245 248 1432 290 Viduam
1463 250 1581 290 illam
1613 263 1704 290 esse

709 310 870 352 censui:

142 358 291 427 I'taque
324 370 491 423 ancilla,
524 369 789 411 conciliatrix
821 368 929 422 quae
961 369 1063 420 erat,
1096 366 1266 408 dicebat
1295 365 1412 406 mihi.

1614 376 1707 407 1410

142 430 229 472 PE.
260 429 359 470 Iura
390 431 431 469 te
463 428 706 469 nociturum
736 441 825 468 non
856 440 947 467 esse
978 425 1144 467 homini
1175 425 1225 466 de
1256 424 1335 465 hac
1366 438 1411 464 re
1442 424 1617 478 nemini,

145 488 270 538 Qu6d
300 490 348 528 tu
378 487 449 528 hic
479 487 606 528 hodie
639 485 900 527 uerberatu's
933 486 1008 525 aut
1039 483 1152 538 quod
1182 482 1476 536 uerberabere,

144 545 193 588 Si
221 548 263 588 te
297 545 463 587 saluom
493 545 595 586 hinc
628 545 873 585 amittemus
905 542 1136 583 Venerium
1168 541 1432 595 nepotulum.

141 604 230 646 PY.
260 604 360 645 Iuro
393 617 468 657 per
498 602 651 644 Jovem
684 604 727 643 et
756 601 1005 655 Mavortem,
1037 602 1104 641 me
1135 600 1376 641 nociturum
1407 599 1580 652 nemini,

143 663 267 726 Quod
295 675 373 717 ego
399 661 469 702 hic
494 661 620 702 hodie
647 660 906 714 uapularim:
931 661 1104 713 iureque
1129 659 1170 699 id
1197 658 1359 699 factum
1380 657 1582 698 arbitror:
1615 667 1708 698 1415

142 728 202 770 Et
233 727 269 768 si
299 727 400 768 hinc
431 740 520 767 non
553 726 658 766 abeo
691 724 934 776 intestatus,
965 724 1072 764 bene
1105 723 1245 777 agitur
1276 736 1353 775 pro
1384 721 1524 762 noxia.

141 786 228 828 PE.
256 784 378 838 Qm'd,
410 785 447 825 si
477 785 520 825 id
551 798 640 825 non
671 781 810 824 faxis?
871 781 959 823 PY.
986 781 1047 822 Vt
1071 781 1217 822 uiuam
1245 782 1411 834 semper
1436 779 1708 822 intestabilis.

144 844 230 887 CA.
262 843 522 885 Verberetur
554 842 699 883 etiam:
732 841 893 895 postibi
925 839 1210 881 {imit-tandum
1242 840 1405 880 censeo.

142 903 229 945 PY.
267 901 328 943 Di
362 902 443 942 tibi
478 902 586 942 bene
624 900 786 942 faciant
824 913 1010 952 semper,
1053 912 1181 953 quom
1225 897 1457 938 aduocatus
1501 897 1608 938 bene
1649 896 1709 937 mi

712 958 824 999 ades.

146 1020 232 1063 CA.
252 1007 369 1074 Ergo
393 1019 465 1059 des
487 1019 647 1059 minam
668 1017 760 1058 auri
780 1016 915 1057 nobis.
958 1014 1046 1056 PY.
1069 1014 1206 1064 Quam
1227 1014 1280 1055 ὁὶ)
1299 1014 1419 1055 rem‘?
1461 1011 1547 1055 CA.
1568 1012 1709 1054 Saluis

710 1075 892 1116 testibus

1615 1082 1708 1113 1420

144 1129 203 1193 <st
231 1136 304 1178 ted
333 1135 458 1177 hodie
488 1135 591 1176 hinc
625 1133 871 1174 amittamus
903 1132 1136 1173 Venerium
1167 1131 1432 1184 nepotulum.

148 1196 284 1237 Aliter
313 1195 415 1236 hinc
440 1208 528 1235 non
559 1192 660 1247 ibis,
691 1207 745 1233 ne
772 1192 828 1233 sis
853 1191 1024 1232 frustra.
1085 1189 1173 1231 PY.
1199 1188 1394 1230 Dabitur.
1457 1187 1541 1230 CA.
1567 1187 1710 1243 Magis

713 1251 839 1304 sapis.

145 1313 210 1354 De
240 1312 385 1354 tunica
417 1314 459 1352 et
492 1310 715 1364 chlamyde
747 1311 789 1350 et
820 1307 1046 1349 machaera
1076 1308 1131 1348 119
1158 1307 1258 1361 quid
1285 1320 1444 1361 speres:
1476 1307 1564 1347 11611
1589 1305 1713 1347 feres.

146 1371 231 1413 LO.
257 1370 503 1412 Verberone
538 1369 668 1410 etiam
700 1369 756 1409 an
787 1368 875 1409 iam
906 1366 1070 1407 mittis?

711 1427 916 1468 fustibus:

499 1485 586 1528 PE.
615 1485 777 1527 Soluite
803 1485 954 1526 istunc.
1003 1483 1091 1524 PY.
1118 1482 1312 1524 Gratiam
1338 1482 1476 1524 habeo
1502 1482 1593 1523 tibi.
1620 1491 1712 1523 1425

149 1490 336 1530 Obsecro
361 1501 450 1529 uos.

1132 1365 1219 1407 PY.
1244 1365 1363 1407 Mitis
1397 1379 1491 1406 sum
1517 1364 1711 1419 equidem

145 1548 231 1589 PE.
264 1546 312 1589 Si
339 1545 520 1600 posthac
551 1544 814 1599 prehendero
848 1557 927 1598 ego
959 1545 1001 1583 te
1032 1541 1114 1596 hic,
1146 1541 1308 1583 carebis
1340 1541 1534 1582 testibus.

146 1606 234 1648 PY.
267 1604 450 1648 Causam
480 1604 568 1645 hau
599 1603 704 1644 dico.
766 1601 852 1643 PE.
883 1601 1046 1643 Eamus
1077 1601 1205 1654 intro,
1237 1599 1374 1642 Cario.
1435 1598 1523 1640 PY.
1556 1597 1712 1640 Seruos

714 1675 830 1702 meOS

147 1714 285 1766 Eccos
316 1723 452 1764 uideo.
513 1719 881 1762 Philocomasium
912 1719 1000 1760 isim
1030 1716 1293 1772 profectast‘?
1338 1715 1405 1758 dic
1437 1716 1553 1758 mihi.

197 1813 298 1844 1409.
326 1809 412 1842 dum
444 1819 517 1843 non
550 1806 662 1841 nihili
689 1806 831 1848 factu's,
857 1816 896 1840 so

150 1857 262 1902 lange
288 1856 337 1890 du
363 1855 459 1890 noch
484 1855 590 1889 nicht
615 1854 653 1888 in
679 1854 739 1888 ein
763 1853 895 1888 Nichts

149 1902 393 1945 verwandelt,
446 1901 503 1936 dir
546 1901 643 1935 noch
684 1900 790 1935 nicht
832 1899 897 1934 der

149 1951 290 1986 Garaus
316 1949 491 1994 gemacht
514 1948 576 1983 ist.

199 2001 300 2032 1410.
327 1997 459 2040 itaque,
487 2007 514 2030 s.
541 2007 584 2029 zu
611 1998 690 2030 108.
713 2015 755 2019 —
782 1994 897 2028 conci-

152 2046 282 2080 liatrix
307 2042 377 2078 wie
404 2042 600 2078 concssiare
629 2045 706 2076 801.
730 2044 837 2084 1212,
869 2052 895 2075 s,

151 2104 195 2127 zu
220 2091 320 2126 Trin.
349 2094 426 2124 136.
763 2119 765 2121 ,

201 2143 302 2173 1411.
323 2148 396 2172 ‘non
413 2166 418 2171 .
436 2163 442 2171 .
458 2136 607 2178 nemini,
621 2135 712 2170 fiber
731 2134 791 2170 die
808 2134 896 2179 dop-

153 2186 255 2231 pelte
281 2184 468 2230 Negat-,ion
494 2195 520 2217 s.
549 2195 593 2217 zu
617 2182 714 2217 Men.
734 2183 767 2216 II
788 2186 819 2225 3,
840 2185 895 2216 20.

201 2236 303 2267 1413.
319 2231 511 2266 Venerium
525 2230 744 2274 nepotulum,
757 2232 896 2264 s.1265.

203 2283 304 2314 1416.
319 2279 510 2312 intestatus
530 2277 598 2311 wie
617 2276 839 2311 intestabilis
855 2291 898 2304 =

154 2327 232 2362 sine
257 2325 414 2360 testibus
441 2326 573 2368 (1398).

201 2377 306 2408 1417.
333 2372 382 2415 id,
404 2371 469 2405 das
488 2381 563 2406 ozon
582 2381 715 2405 nocere.
735 2370 899 2413 —·fa:cis

157 2419 363 2466 Spondeus‚
415 2430 442 2452 s.
479 2417 625 2452 Ritschl
661 2417 757 2452 Prol.
797 2417 897 2451 Trin.

83 2509 90 2515 “
153 2480 189 2513 p.
217 2471 285 2502 226
311 2467 386 2500 not.
414 2485 457 2490 -
488 2469 528 2498 ut
554 2466 683 2505 vivam,
709 2463 900 2509 abh'angig

154 2525 226 2550 von
253 2513 372 2549 einem
406 2523 470 2546 aus
500 2512 601 2554 faxis
633 2511 748 2546 leicht
775 2523 817 2545 zu
843 2522 898 2545 er-

154 2560 367 2607 ganzenden
388 2559 528 2603 patiar.

204 2612 305 2643 1418.
352 2606 489 2650 postibi
537 2617 606 2639 nur

156 2656 243 2691 Cist.
271 2655 304 2689 11
330 2657 363 2695 3,
391 2657 444 2688 76.
481 2652 591 2687 Poen.
615 2653 708 2695 prol.
741 2655 816 2686 108.
851 2651 900 2685 IV

155 2708 187 2745 2,
213 2706 269 2736 80.
296 2700 389 2735 Rud.
416 2700 465 2733 III
495 2704 525 2743 1,
546 2703 576 2734 8.
606 2698 655 2733 IV
679 2703 709 2740 7,
731 2703 786 2740 37,
812 2698 899 2732 kein

156 2748 426 2793 Compositum,
466 2759 492 2782 s.
526 2745 670 2780 Ritschl
710 2745 840 2790 Opusc.
870 2744 900 2778 II

207 2846 306 2877 1419.
347 2841 414 2875 tibi
452 2839 626 2883 Jambus,
665 2851 690 2874 s.
725 2851 768 2873 zu
801 2838 900 2872 Trin.

656 2604 898 2649 plautinisch:

971 1808 1056 1848 761,
1105 1804 1197 1838 fiber
1240 1802 1299 1837 die
1343 1802 1627 1838 Dankesformel
1669 1814 1714 1837 zu

970 1851 1070 1885 Trin.
1116 1854 1202 1893 384,
1251 1850 1344 1885 iiber
1392 1860 1498 1894 quom
1545 1849 1714 1885 Lfibbert

970 1897 1172 1932 Grammat.
1201 1897 1304 1932 Stud.
1330 1897 1363 1931 Π
1384 1901 1464 1932 240.

1019 1948 1120 1979 1422.
1146 1945 1196 1979 sis
1227 1945 1384 1987 frustra,
1419 1956 1445 1978 s.
1472 1955 1514 1978 zu
1539 1942 1635 1978 Men.
1662 1941 1714 1977 IV

970 1996 1002 2035 3,
1031 1996 1084 2027 18.

1020 2042 1121 2074 1423.
1147 2038 1238 2081 feres
1264 2054 1308 2066 =
1334 2038 1489 2072 auferes.

1019 2089 1118 2120 1424.
1152 2085 1312 2128 verbero,
1347 2084 1411 2119 der
1436 2083 1619 2118 Indicativ
1643 2082 1715 2118 wie

970 2136 1049 2168 896.
1078 2153 1121 2157 —-
1155 2132 1269 2166 mittis
1305 2131 1381 2166 und
1419 2132 1526 2165 mitis
1547 2130 1712 2174 (windel-

970 2179 1102 2223 weich)
1127 2178 1397 2214 Paronomasie.

1022 2230 1121 2262 1425.
1147 2225 1266 2260 Einen
1291 2225 1459 2260 Versuch
1485 2225 1556 2259 den
1580 2224 1714 2259 Hiatus

972 2286 1016 2308 zu
1054 2272 1319 2317 rechtfertigen
1358 2284 1384 2306 s.
1419 2271 1480 2307 bei
1517 2272 1559 2306 A.
1592 2271 1715 2306 Luchs

971 2321 1010 2355 in
1037 2320 1201 2355 Studem.
1229 2319 1332 2354 Stud.
1359 2319 1375 2352 I
1403 2318 1436 2354 S.
1464 2322 1508 2353 22
1536 2317 1560 2354 f.

1021 2371 1123 2402 1426.
1151 2366 1319 2402 Ribbeck
1339 2365 1470 2401 Rhein.
1487 2365 1579 2401 Mus.
1593 2364 1716 2400 XXIX

974 2414 1009 2449 S.
1026 2419 1069 2449 23
1097 2416 1192 2449 setzt
1217 2415 1286 2448 cito
1306 2424 1373 2448 vor
1398 2413 1535 2448 carebis
1561 2412 1620 2447 eiu
1640 2411 1716 2446 und

972 2462 1042 2496 mit
1072 2461 1212 2496 diesem
1244 2460 1332 2495 oder
1367 2459 1486 2494 einem
1519 2458 1716 2494 ahnlichen

974 2509 1106 2543 Zusatz
1131 2507 1222 2542 wird
1235 2507 1389 2541 Plautus
1415 2505 1611 2540 sicherlich
1631 2505 1716 2540 dem

972 2555 1110 2590 kahlen
1124 2555 1260 2590 carebis
1280 2554 1427 2588 testibus
1446 2553 1517 2588 den
1536 2551 1717 2598 nothigen

972 2601 1195 2637 Nachdruck
1221 2600 1390 2645 gegeben
1415 2600 1547 2634 haben.

1023 2652 1122 2683 1427.
1138 2658 1284 2682 causam
1304 2648 1378 2681 hau.
1398 2647 1478 2681 dieo
1495 2646 1570 2682 ‘ich
1586 2645 1718 2681 macho

973 2695 1080 2731 keine
1101 2694 1372 2738 Einwendung'
1397 2693 1535 2729 erklfirt
1554 2693 1630 2728 sich
1652 2703 1717 2728 aue

974 2743 1038 2777 der
1069 2754 1111 2776 zu
1145 2742 1251 2786 Capt.
1279 2742 1310 2775 11
1339 2745 1370 2781 2,
1400 2745 1464 2775 103
1497 2740 1718 2785 gemachten

974 2789 1219 2833 Bemerkung.
1245 2809 1286 2813 —
1313 2798 1440 2829 servos,
1467 2788 1518 2822 sie
1544 2787 1718 2822 kommen

975 2836 1067 2872 eben
1094 2848 1178 2870 vom
1205 2835 1326 2870 Hafcn
1353 2834 1499 2869 zuriick.
