1783 3156
154 60 208 100 98
459 44 464 50 '
730 59 771 94 T.
797 59 945 95 MAcci
969 59 1155 104 PLAVTI·
1456 60 1547 95 1113
1567 64 1708 97 37-——56

154 165 241 208 AC.
271 166 416 208 Bonus
448 167 567 208 uates
598 169 767 221 poteras
800 168 912 208 esse:
943 181 1044 207 nam
1076 181 1182 220 quae
1215 170 1317 208 sunt
1345 167 1501 221 futura,
1532 166 1647 209 dicis.

152 225 241 267 PA.
261 224 473 279 Quasique
500 225 673 266 anulum
696 225 810 266 hunc
835 223 1040 266 ancillula
1064 227 1139 266 tua
1165 225 1240 266 abs
1265 226 1308 266 te
1333 226 1530 268 detulerit
1556 227 1609 268 ad
1627 241 1709 281 me,

158 283 292 333 Quem
316 285 442 337 po'rro
475 297 553 338 ego
584 282 715 324 militi
745 283 889 324 darem
919 284 1004 325 tuis
1032 284 1189 325 uerbis.
1250 282 1337 325 AC.
1367 284 1482 326 Vera
1513 284 1629 328 (11018.

153 342 239 383 PE.
284 342 393 391 Quid
436 341 529 383 istis
572 357 686 383 nunc
734 341 980 384 memoratis
1025 345 1168 397 opust,
1217 356 1323 397 quae
1367 344 1708 386 conmeminere‘?

155 459 280 513 Nam,
311 457 375 499 101
397 461 588 513 patrone,
617 459 699 500 1100
716 399 1036 514 &Qiffiihussi
1061 460 1220 514 probus
1250 463 1314 501 est
1340 460 1606 515 architectus,
1637 472 1706 503 915

155 518 273 559 Bene
303 516 507 558 lineatam
540 517 580 558 81
609 518 739 559 semel
771 518 961 559 carinam
993 518 1245 572 conlocauit,

154 576 298 617 Facile
329 591 419 617 0880
450 591 604 617 nauem
635 577 787 631 facere,
817 577 891 618 ubi

1010 577 1032 601 δὲ
1152 578 1174 601 ss
1295 577 1316 601 >3
1436 578 1459 601 >ie
1578 578 1601 602 ‘k

154 634 279 677 Nunc
309 635 413 676 haec
445 635 588 676 carina
621 636 724 676 satis
755 636 887 690 probe
919 635 1096 677 fundata
1127 638 1169 677 et
1198 625 1305 676 bene
1337 638 1556 677 statutast:

154 693 326 735 Adsunt
355 694 467 734 fabri
499 694 719 735 alchitecti
751 708 842 749 ego,
872 697 920 736 tu
952 697 1078 749 atque
1108 695 1214 735 haec
1244 694 1359 736 haud
1389 694 1573 749 inperiti.

159 751 203 793 Si
234 754 323 793 non
353 767 431 793 nos
464 753 732 794 materiarius
763 754 1012 806 remoratur,
1044 754 1156 808 quod
1188 756 1314 807 opust
1346 752 1421 808 qui'
1449 753 1531 808 det,

1638 764 1708 796 920

154 809 270 852 Noui
301 809 488 852 indolem
519 813 657 853 nostri
687 810 855 867 ingeni,
885 812 968 853 cito
1001 811 1082 853 erit
1111 816 1262 866 parata
1291 813 1427 853 nauis.

155 869 242 911 PA.
281 869 444 924 Nempe
488 872 535 911 tu
577 871 738 912 nouisti
780 870 984 925 militem,
1026 885 1167 912 meum
1211 871 1358 912 erum?

719 928 934 971 mirumst:

1422 870 1506 913 AG.
1539 870 1710 926 Rogare

155 986 309 1041 Populi
341 987 485 1028 odium
517 988 663 1042 quidni
694 989 899 1041 nouerim,
931 987 1230 1043 magnidicum,
1261 989 1563 1041 cincinnatum,

154 1045 380 1087 Moechum
400 1047 741 1101 unguentatum‘?
773 1046 861 1087 PA.
881 1045 997 1116 Num
1016 1047 1087 1087 ille
1106 1049 1148 1087 te
1167 1061 1267 1087 nam
1287 1047 1437 1088 nouit?
1471 1046 1558 1090 AC.
1577 1047 1711 1089 Num-

157 1163 238 1213 Qui
267 1164 437 1205 nouerit
467 1179 534 1205 me
561 1162 655 1218 quis
682 1105 1047 1218 egsbuasirrbgudllgix.
1071 1163 1211 1205 Nimis
1237 1164 1376 1218 lepide
1401 1164 1611 1206 fabulare:
1643 1174 1711 1206 925

156 1222 221 1264 Εό
253 1223 441 1276 potuerit
470 1222 651 1276 lepidius
682 1223 754 1277 pol
784 1221 892 1264 fi'eri.

952 1221 1039 1264 AC.
1069 1222 1198 1264 Potin
1229 1225 1277 1264 ut
1307 1223 1523 1264 hominem

155 1280 262 1322 Mihi
294 1281 384 1336 (108,
417 1281 609 1336 quiescas
642 1281 811 1323 cetera?
842 1283 888 1323 ni
918 1282 1136 1323 ludificata
1168 1296 1238 1323 ero
1270 1281 1419 1336 lepide,

156 1339 336 1394 Culpam
369 1342 539 1382 omnem
570 1341 617 1381 in
647 1341 745 1382 med
775 1341 984 1394 inponite.

1044 1340 1131 1382 PA.
1156 1341 1250 1395 Age
1282 1339 1415 1395 igitur
1439 1341 1553 1383 intro
1580 1340 1712 1382 abite:

155 1399 349 1441 Insistite
380 1399 461 1440 1100
491 1400 711 1454 negotium
744 1401 965 1454 sapienter.
1026 1398 1113 1441 AC.
1143 1400 1243 1440 Alia
1275 1402 1384 1441 01113.

156 1458 243 1500 ΡΑ.
274 1457 380 1513 Age,
404 1457 761 1512 Periplecomene,
785 1458 862 1500 has
888 1459 1087 1500 nunciam
1113 1459 1191 1499 duc
1218 1457 1344 1500 intro.
1390 1472 1468 1513 ego
1494 1458 1547 1500 ad
1571 1459 1713 1501 forum

719 1516 846 1558 1111110

205 1601 284 1632 911.
304 1597 403 1631 Pers.
421 1597 472 1631 IV
493 1601 524 1641 5,
546 1601 564 1631 7
586 1597 680 1642 quod
698 1598 899 1640 futurumst

150 1645 356 1688 praedicas.

204 1695 282 1726 914.
327 1692 609 1734 commemWere,
659 1691 718 1726 die
766 1691 899 1727 beiden

156 1738 349 1773 Madchen.

204 1789 283 1820 915.
310 1785 562 1831 „significatur
595 1796 661 1830 per
686 1797 812 1820 navem
838 1797 898 1820 ne-

158 1833 302 1878 gotium
335 1833 379 1868 de
411 1832 630 1877 decipiendo
662 1832 798 1875 milite,
835 1844 900 1877 per

156 1881 322 1915 carinam
365 1882 612 1915 commentum
657 1881 695 1915 et
739 1880 899 1924 fallacia,

156 1927 272 1963 totius
316 1927 475 1971 denique
518 1927 680 1961 fabricae
724 1927 819 1961 ratio
863 1929 901 1962 et

157 1974 454 2017 fundamentum,
489 1985 554 2019 per
584 1975 709 2017 fabros
739 1974 900 2019 Periple-

159 2033 330 2057 comenus
356 2022 393 2056 et
423 2021 651 2065 meretrices,
687 2033 752 2066 per
782 2021 900 2056 archi-

157 2073 286 2104 tectum
311 2068 534 2113 Palaestrio,
560 2080 627 2113 per
651 2069 902 2103 materiariam

156 2116 298 2152 miles.“
324 2116 536 2151 Lambinus.

206 2167 286 2198 916.
312 2164 345 2198 si
369 2163 482 2206 semel,
508 2175 552 2197 zu
579 2166 657 2198 700.

205 2215 284 2245 917.
317 2210 386 2245 Die
418 2210 669 2255 ausgefallene
694 2210 902 2245 Vershiilfte

157 2258 258 2292 kann
303 2258 468 2302 gelantet
510 2257 647 2292 haben:
691 2257 756 2295 ubi
793 2258 904 2302 probi

157 2305 261 2348 fabri
297 2315 371 2339 non
408 2305 536 2339 desunt
581 2304 668 2339 oder
704 2304 768 2339 ubi
804 2304 904 2347 fabri

161 2352 341 2387 adiuvant
354 2353 468 2396 periti
487 2352 575 2386 oder
595 2352 704 2395 (nach
723 2351 903 2396 Ribbeck)

157 2399 221 2434 ubi
246 2398 341 2433 fabri
368 2400 467 2442 operi
493 2400 626 2434 adsunt
645 2400 769 2444 periti.

205 2450 283 2480 920.
310 2447 544 2480 materiarius
573 2448 635 2490 (sc.
662 2446 899 2491 negotiator),

158 2494 224 2529 der
250 2493 592 2528 Bauholzlieferant.

205 2544 285 2576 921.
324 2541 460 2574 indoles
497 2541 613 2574 nostri
655 2541 795 2585 inqem‘,
841 2540 900 2575 die

157 2588 278 2623 Natur
298 2587 522 2633 (angebornc
543 2588 624 2627 Art)
648 2599 797 2623 unseres
817 2587 899 2623 Gei-

159 2637 244 2670 stes.
272 2636 480 2679 „inyern'mn
500 2634 645 2669 verbalt
671 2635 748 2669 sich
774 2648 817 2669 zu
843 2636 898 2669 in-

158 2683 253 2717 doles
272 2683 342 2716 wie
362 2682 426 2717 der
446 2681 607 2716 Saame
628 2682 898 2724 ’1010110101ος

156 2730 258 2774 jenes
289 2729 381 2764 wird
420 2729 474 2763 als
513 2729 627 2764 erstes
659 2728 806 2773 Princip
840 2741 899 2773 ge-

159 2777 281 2819 dacht‚
298 2776 414 2811 dieses
428 2776 481 2810 als
495 2776 553 2810 die
568 2775 798 2821 beginnende
810 2775 898 2810 Ent-

158 2823 365 2867 wickelung
391 2823 617 2858 desselbenf‘
646 2823 872 2858 Doederlein.

1643 1528 1713 1560 930

1019 1601 1097 1632 922.
1123 1595 1260 1641 τιέπιρε,
1286 1609 1329 1632 zu
1355 1601 1433 1632 906.

1019 1648 1097 1679 923.
1130 1645 1252 1679 odium
1289 1644 1328 1679 in
1361 1645 1566 1680 concretem
1601 1644 1713 1680 Sinne

970 1702 1044 1726 von
1089 1692 1208 1726 einem
1251 1691 1575 1726 unausstehliohen
1612 1691 1714 1727 Men-

972 1738 1095 1783 schen,
1121 1750 1161 1773 80
1186 1738 1288 1773 Cure.
1314 1739 1330 1772 1
1356 1743 1390 1782 3,
1416 1743 1460 1773 34
1485 1739 1511 1773 f.
1543 1738 1650 1774 True.
1676 1738 1713 1773 II

975 1791 1004 1829 1,
1033 1791 1062 1821 1.
1089 1786 1122 1820 II
1148 1789 1180 1828 2,
1208 1790 1262 1821 65.
1288 1785 1390 1820 Asin.
1410 1785 1442 1820 V
1462 1789 1496 1830 2,
1521 1789 1576 1820 77.
1601 1785 1714 1822 Poen.

972 1834 987 1867 I
1007 1837 1039 1877 2,
1060 1837 1138 1868 139.
1162 1836 1228 1868 180
1252 1834 1408 1877 (meum).
1443 1832 1535 1868 Rud.
1556 1832 1592 1867 II
1616 1837 1650 1877 2,
1670 1837 1714 1868 13

972 1881 1117 1915 deorum
1178 1884 1283 1924 atque
1341 1880 1526 1915 hominum
1580 1881 1715 1925 odium,

972 1928 1104 1962 Bacch.
1130 1927 1181 1962 IV
1203 1931 1233 1971 7,
1260 1931 1304 1961 22
1330 1931 1446 1962 terrae
1470 1927 1604 1962 odium.
1631 1927 1713 1962 Ter.

973 1975 1085 2009 Andr.
1112 1974 1146 2008 V
1171 1978 1204 2016 4,
1229 1978 1285 2018 38,
1311 1974 1385 2019 vgl.
1410 1975 1524 2010 scelus
1548 1978 1627 2009 827.

1021 2025 1099 2056 925.
1126 2022 1190 2066 qui
1215 2038 1258 2050 =
1286 2032 1358 2065 quo
1384 2021 1504 2056 modo.
1525 2041 1571 2047 —-
1596 2031 1659 2066 me,
1685 2033 1715 2057 s.

973 2081 1017 2102 zu
1044 2068 1141 2103 Trin.
1170 2072 1250 2112 373,
1275 2069 1366 2113 quis,
1393 2080 1436 2103 zu
1461 2067 1537 2103 Mil.
1565 2073 1646 2105 361.

1022 2119 1100 2150 926.
1124 2117 1251 2160 potine
1283 2132 1326 2145 =
1358 2115 1503 2160 potisne
1535 2117 1593 2151 est
1622 2115 1713 2159 fieri,

975 2175 999 2198 s.
1027 2175 1072 2197 zu
1097 2162 1194 2197 Trin.
1223 2167 1300 2198 628.

1023 2213 1101 2244 927.
1147 2211 1225 2250 cles,
1268 2209 1436 2253 schaffst,
1478 2209 1632 2255 bringst.
1671 2230 1718 2235 —

976 2258 1137 2302 quiescas
1163 2257 1247 2301 (wie
1272 2257 1369 2292 Men.
1396 2257 1446 2291 111
1473 2261 1505 2301 2,
1532 2259 1565 2301 1)
1591 2260 1718 2301 cetera,

976 2306 1040 2339 das
1054 2303 1276 2350 Gegentheil
1289 2315 1361 2339 von
1381 2307 1494 2339 cetera
1510 2315 1600 2339 cura
1616 2308 1716 2340 1029.

1023 2354 1101 2386 928.
1129 2363 1193 2397 aye
1218 2352 1337 2387 neben
1361 2352 1466 2395 abite,
1495 2363 1521 2386 s.
1549 2363 1594 2386 zu
1617 2350 1716 2387 Men.

1021 2450 1099 2481 929.
1126 2447 1298 2489 insistite,
1330 2458 1358 2481 8.
1384 2457 1429 2480 zu
1457 2449 1534 2480 774.
1561 2465 1607 2471 -
1638 2446 1717 2480 alia

973 2504 1062 2528 cura
1088 2494 1196 2537 (auch
1216 2497 1283 2527 934
1303 2493 1373 2527 wie
1399 2493 1505 2527 aliud
1522 2503 1612 2527 cura
1632 2491 1714 2528 Cas.

973 2540 1022 2575 III
1049 2545 1088 2584 4,
1120 2544 1176 2576 23.
1215 2540 1295 2574 Ter.
1322 2539 1430 2575 Phor.
1457 2539 1490 2574 II
1518 2544 1554 2583 1,
1586 2541 1620 2583 5)
1652 2539 1714 2574 110-

972 2589 1071 2632 sagt:
1092 2587 1170 2622 dies
1191 2586 1381 2632 negotium
1400 2586 1448 2621 ist
1466 2586 1585 2621 meine
1599 2585 1716 2632 Sorge

973 2635 1047 2668 und
1073 2634 1111 2668 in
1136 2635 1249 2678 guten
1274 2633 1446 2676 H‘imden,
1484 2633 1634 2668 ahnlich
1666 2633 1717 2669 ist

974 2681 1038 2716 das
1057 2681 1307 2725 ungeduldige
1322 2681 1430 2725 potin
1450 2684 1490 2715 ut
1509 2682 1622 2716 aliam
1640 2691 1716 2716 rem

973 2728 1099 2763 cures?
1126 2728 1257 2763 Pseud.
1281 2728 1293 2760 I
1314 2732 1346 2771 3,
1369 2733 1398 2763 6.
1420 2727 1530 2764 Mero.
1551 2728 1585 2763 II
1605 2732 1638 2772 4,
1658 2731 1714 2763 27.

1020 2780 1097 2810 930.
1119 2776 1167 2810 ad
1185 2777 1303 2818 sorum
1325 2776 1551 2811 conveniam:
1573 2774 1716 2810 sowohl

972 2823 1020 2857 ad
1043 2823 1161 2865 forum
1189 2822 1333 2866 (Pseud.
1360 2822 1410 2857 IV
1437 2827 1468 2866 7,
1499 2827 1574 2858 138.
1606 2822 1714 2858 Most.
