1783 3156
167 85 249 126 156

169 193 270 226 1330.

167 287 269 319 1331.

169 439 270 472 1332.

169 719 272 751 1334.

171 766 272 798 1335.

169 907 271 939 1336.

170 1001 275 1032 1341.

170 1094 271 1126 1343.

171 1152 272 1183 1344.

172 1492 274 1524 1345.

180 1845 281 1877 1346.

173 1986 276 2018 1348.

174 2033 275 2065 1355.

176 2080 275 2112 1357

176 2127 277 2159 1366.

176 2174 278 2206 1367.

831 83 1049 119 ANHANG.

310 191 418 226 Nach
442 190 578 225 Mfiller
602 190 702 225 Pros.
731 191 765 225 S.
792 194 858 225 657
886 190 983 224 fehlt
1007 189 1067 224 ein
1092 188 1225 224 dritter
1249 189 1417 234 Vocativ,
1444 190 1542 226 etwa
1566 201 1586 226 o
1611 202 1726 227 meum

309 248 380 281 cor,
406 238 438 271 R
461 238 565 272 Neue
589 237 644 271 Pl.
671 237 759 273 Exc.
785 237 802 271 I
828 236 862 273 S.
892 240 960 270 114
986 236 1151 270 schreibt
1175 236 1298 270 oculis.

309 265 398 328 qui'd
422 285 516 319 istuc
540 283 730 328 quaesost?
770 283 839 328 Sey
841 283 926 317 ffer‘n
949 282 1084 317 Philol.
1109 283 1212 317 XXX
1238 282 1272 317 S.
1299 286 1367 317 433
1393 282 1438 325 f.,
1469 295 1560 328 quae
1578 287 1665 330 post
1688 285 1723 320 H

308 331 367 365 fin·
392 335 564 376 quaesost.
591 351 635 356 -—
675 330 791 376 Quom
815 330 885 374 Bx,
924 331 987 375 qui
1011 329 1065 373 H,
1103 330 1192 374 quid
1222 328 1342 364 istuc?
1382 329 1464 365 PA.
1469 295 1606 376 αρτιία,
1625 335 1725 376 post-

309 389 417 422 quam
441 378 484 412 R.

310 438 447 472 currito
478 437 594 479 intro,
629 436 757 479 ecferto
791 435 861 478 ΒΧ,
900 435 1084 470 adcurrite
1114 436 1229 479 intro,
1260 435 1352 477 ecfer
1353 438 1386 469 te
1415 434 1554 478 Bothe,
1591 438 1727 472 currite

312 484 420 526 intro,
446 483 585 526 adferte
608 483 652 527 R,
678 483 766 517 aber
791 483 920 525 ecferto
944 481 1039 526 liegt
1062 481 1101 515 in
1127 482 1191 516 der
1203 481 1448 517 Verderbniss
1472 484 1593 527 (certo,
1613 486 1728 527 cereo)

308 529 374 565 der
397 530 448 572 H,
480 530 555 564 und
586 530 669 564 dass
701 529 766 563 der
791 529 921 563 Befehl
953 540 1022 562 nur
1052 539 1100 563 811
1131 529 1203 563 (1811
1232 528 1416 563 Ρ818811110
1450 529 1636 574 gerichtef,
1665 529 1727 574 ist,

309 576 408 621 zeigt
433 577 566 611 dessen
590 577 762 611 Antwort
792 576 887 610 nihil
912 586 1045 619 aquam
1069 585 1199 610 moror.
1251 575 1342 609 ‘Aus
1368 575 1452 610 dem
1477 575 1602 611 Hause
1626 575 1726 611 brin-

309 623 395 667 gen'
436 623 556 658 1181881,
587 623 676 657 aber
705 621 883 666 richbiger
914 622 1038 665 efferre
1069 621 1123 656 als
1156 621 1314 666 adferre,
1353 634 1379 658 8.
1406 626 1486 657 459.
1512 627 1592 658 463.
1623 627 1724 659 1314.

311 716 405 751 hisee
430 717 500 759 Fl„
524 717 600 756 hice
624 716 667 759 R,
692 716 777 751 hinc
801 715 847 751 H.
941 733 945 739 ·

312 764 419 798 labra
451 764 495 798 ab
529 764 668 798 labellis
697 763 836 806 Bothe,
874 762 980 805 aufer
1011 761 1146 797 Mfiller
1176 762 1329 798 Nachbr.
1364 762 1398 797 S.
1426 766 1469 797 36
1500 763 1562 804 Α,,
1596 766 1727 806 nauta,

311 821 394 845 cave
418 811 554 845 malum
580 811 709 855 Bugge
733 809 786 844 im
810 808 945 844 Philol.
972 809 1129 844 XXXVI
1155 808 1188 844 S.
1212 813 1289 844 652.
1340 810 1389 844 R:
1417 810 1521 845 labra
1546 810 1588 844 in
1612 809 1726 845 labris

310 857 541 900 ferruminat.
567 858 656 902 quid
681 857 761 901 ayis
786 855 947 891 malum?

309 903 449 939 Becker
480 904 520 939 in
546 904 710 939 Studem.
743 903 846 938 Stud.
874 904 890 937 I
921 915 956 947 p.
984 906 1052 938 160
1078 903 1153 938 not.
1188 903 1401 938 vermuthet
1429 904 1648 948 spiraretne,
1681 903 1729 938 da

311 950 371 985 die
396 951 431 985 H
455 951 640 995 spirarent
663 951 796 985 haben.

313 999 425 1033 amice
456 998 490 1032 R
519 998 651 1032 Rhein.
677 997 771 1032 Mus.
803 997 890 1031 VIII
922 996 955 1031 S.
984 1001 1052 1031 476
1078 997 1120 1032 A.
1155 997 1293 1041 (opusc.
1320 996 1355 1030 Π
1386 1000 1455 1031 474
1480 997 1545 1041 A),
1575 997 1666 1032 mihi
1695 996 1729 1030 R

309 1044 363 1078 im
389 1045 515 1080 Texte.

312 1092 376 1126 abs
400 1095 432 1126 te
458 1092 592 1127 abeam.
633 1090 720 1125 PY.
747 1091 801 1134 fer
827 1091 965 1135 aequocl
989 1090 1022 1125 R
1045 1090 1150 1125 Neue
1175 1089 1229 1125 Pl.
1256 1089 1343 1125 Exc.
1370 1090 1386 1124 I
1413 1088 1447 1124 S.
1475 1092 1529 1125 64.

311 1150 393 1184 Den
418 1150 696 1195 ausgefallenen
717 1149 866 1184 Schluss
891 1150 959 1184 1181.
977 1149 1010 1183 R
1033 1149 1157 1184 adnot.
1179 1148 1258 1183 crit.
1285 1148 1356 1183 mit
1380 1148 1541 1183 candida
1566 1149 1729 1194 erg'anzt,

312 1197 408 1231 auch
438 1198 541 1232 salva
570 1208 650 1231 sum
681 1197 731 1231 ist
761 1196 942 1241 miiglich‚
982 1196 1071 1230 aber
1099 1197 1200 1231 salve
1231 1199 1272 1230 tu
1302 1195 1372 1230 mit
1402 1195 1571 1230 Ribbeck
1595 1195 1727 1231 Rhein.

310 1243 401 1279 Mus.
421 1243 542 1279 XXIX
568 1244 603 1278 S.
619 1248 688 1278 22?
738 1244 832 1278 Dass
857 1244 946 1287 quid
971 1244 1072 1278 video
1099 1242 1231 1287 (wofiir
1255 1243 1298 1277 R.
1326 1242 1385 1277 die
1410 1242 1492 1276 hier
1516 1242 1622 1277 1118111)
1645 1253 1727 1287 pas·

314 1291 425 1326 sende
449 1291 599 1326 Formel
623 1291 712 1335 quid
737 1290 813 1325 est?
840 1290 1028 1333 einsetzte)
1054 1289 1280 1334 plautiniseh
1306 1289 1366 1332 ist,
1393 1289 1494 1334 zeigt
1511 1289 1622 1324 Poen.
1641 1289 1675 1323 V
1696 1292 1728 1333 5,

311 1341 354 1372 17
382 1338 447 1372 sed
473 1338 563 1382 quid.
587 1338 657 1372 hoc
683 1339 761 1372 esfi‘?
788 1337 877 1382 quid
901 1337 972 1372 hoc
998 1339 1077 1372 est?
1103 1336 1192 1381 quid
1211 1337 1282 1370 hoc
1302 1337 1382 1371 est?
1407 1336 1497 1380 quid
1515 1347 1577 1381 eyo
1595 1335 1728 1371 video?

312 1395 386 1428 quo
417 1385 550 1419 modo?
588 1385 663 1419 und
693 1385 825 1419 Pseud.
851 1383 884 1418 V
910 1388 942 1427 2,
972 1389 989 1418 1
1023 1384 1087 1418 88(1
1123 1383 1214 1428 quid
1238 1383 1332 1418 hoc?
1370 1393 1444 1427 quo
1469 1383 1604 1418 modo?
1641 1383 1731 1428 quid

312 1432 413 1466 video
439 1431 527 1476 eqo?

317 1490 623 1525 Philocomasium
647 1490 745 1525 fehlt
768 1489 806 1524 in
832 1490 903 1524 den
928 1489 972 1524 H.
1023 1489 1056 1523 R
1080 1489 1148 1524 hai}
1172 1489 1271 1523 (11888
1298 1488 1430 1533 stelle,
1455 1488 1582 1523 indem
1606 1499 1646 1524 er
1670 1488 1731 1524 die

313 1536 441 1572 zweite
466 1537 678 1572 Vershfflfte
703 1548 775 1572 von
804 1541 892 1571 1343
919 1536 978 1570 fiir
1003 1547 1068 1570 aus
1087 1536 1277 1570 Versehen
1302 1546 1367 1570 aus
1396 1538 1484 1570 1325
1512 1534 1731 1571 wiederholt

313 1584 441 1627 8118811,
467 1595 560 1628 ganz
586 1584 717 1619 andere
743 1584 938 1628 geordnet:

387 1642 501 1688 Quom
532 1643 596 1677 cibs
626 1643 684 1677 ted
714 1643 849 1677 abeam.
902 1642 989 1675 PY.
1015 1642 1141 1685 Aequo
1171 1641 1227 1684 fer
1257 1641 1390 1675 animo.
1443 1640 1529 1675 PH.
1556 1640 1618 1676 Set
1641 1641 1731 1686 quid

951 1687 1042 1723 hoe?
1068 1699 1160 1732 quae
1183 1687 1281 1723 rest?
1307 1689 1396 1732 quid
1421 1687 1498 1723 est?

387 1739 415 1771 O
442 1736 505 1771 lux
531 1737 643 1771 salve
695 1736 766 1771 PL
787 1736 865 1770 Iam
891 1735 1078 1780 resipisti?
1126 1734 1202 1770 PH.
1225 1729 1398 1779 Obsecro,
1424 1746 1534 1779 quem
1558 1734 1731 1780 amplexa.

952 1794 1032 1817 sum

319 1842 387 1877 Die
412 1842 555 1887 11118118,
588 1842 647 1876 (118
674 1842 707 1875 R
737 1842 833 1876 nach
863 1841 1003 1876 diesem
1029 1841 1141 1876 Verse
1173 1851 1443 1886 angenommen
1467 1840 1670 1884 hat,fu11t
1693 1851 1733 1894 er

315 1889 475 1934 exempli
506 1900 616 1924 881188
647 1899 686 1924 80
719 1899 801 1923 aus:
839 1888 919 1922 Iam
957 1888 1021 1922 ille
1052 1869 1244 1923 timidam⁰
1260 1888 1479 1923 consolatur.
1517 1888 1581 1933 pol
1611 1887 1730 1933 magis

314 1936 482 1971 adflictor
507 1936 630 1979 miser,
655 1936 694 1970 in
722 1940 811 1971 1346
837 1936 926 1970 aber
953 1936 1046 1970 setzt
1071 1946 1110 1970 er
1133 1945 1238 1980 quom
1263 1946 1329 1970 vor
1354 1936 1499 1970 animus
1525 1935 1594 1970 ein.

314 1984 474 2018 Komma
497 1994 564 2018 vor
589 1984 698 2018 niueis
723 1983 786 2017 Bx

315 2034 390 2065 tam
414 2030 469 2065 Fl.

315 2077 439 2112 habeto
464 2078 524 2112 ΒΧ·
545 2077 615 2112 mit
639 2077 775 2112 Μ111181·
799 2076 903 2111 Ρ1·08.
931 2076 964 2111 S.
993 2079 1079 2120 658,
1106 2077 1217 2111 habeo
1243 2076 1294 2120 H,
1320 2077 1409 2111 habe
1434 2076 1476 2112 R.

313 2124 471 2160 Komma
495 2125 591 2160 nach
615 2135 738 2160 verum
763 2124 833 2167 ΒΧ,
860 2134 926 2158 vor
950 2134 1072 2158 verum
1097 2123 1139 2157 R.

317 2171 416 2206 Scies
440 2173 546 2207 immo
572 2172 623 2216 H,
649 2171 746 2206 scis?
775 2172 879 2205 immo
904 2170 952 2214 R,
987 2170 1046 2205 ich
1073 2169 1170 2205 habe
1203 2171 1291 2205 scies
1325 2170 1379 2204 als
1404 2169 1531 2205 Glosse
1567 2181 1612 2204 zu
1637 2169 1732 2204 dices

317 2219 544 2263 gestrichen,
571 2219 740 2264 dagegen
766 2229 818 2252 me
842 2218 966 2252 hinter
999 2218 1102 2252 hodie
1133 2216 1228 2251 nach
1260 2216 1338 2261 CD,
1371 2217 1410 2251 in
1442 2217 1560 2252 denen
1585 2217 1732 2252 >hodiem

315 2276 436 2300 eorum
462 2266 578 2310 steht,
605 2266 804 2311 zugesetzt.

176 2316 266 2346 1370
292 2312 362 2347 mit
386 2313 554 2348 Ribbeck
579 2313 709 2347 Rhein.
735 2313 827 2347 Mus.
854 2312 921 2346 XII
948 2311 982 2346 S.
1010 2315 1076 2346 611
1107 2312 1428 2356 eingeklammert.

180 2374 281 2406 1376.

176 2468 277 2500 1377.

178 2657 278 2688 1379.

322 2383 345 2405 a
369 2382 422 2406 mc
447 2372 554 2406 amisi
590 2371 724 2406 Mffller
761 2372 860 2406 Pros.
888 2370 922 2407 S.
950 2374 1035 2412 562,
1073 2371 1254 2405 amiserim
1293 2369 1450 2413 Seyffert
1484 2370 1611 2414 Progr.
1640 2372 1730 2404 1874

316 2430 351 2462 p.
380 2422 439 2461 13,
466 2419 557 2453 fiber
582 2419 652 2453 den
678 2417 858 2453 Indicativ
885 2430 911 2452 8.
940 2417 1107 2452 Lfibbert
1133 2416 1192 2452 Gr.
1209 2417 1312 2452 stud.
1340 2417 1356 2450 I
1382 2417 1415 2452 S.
1444 2421 1499 2451 46.

316 2465 377 2499 secl
401 2466 482 2509 quis
514 2465 614 2500 emit?
652 2466 809 2501 sonitum
846 2466 930 2499 hinc
967 2464 1136 2499 Ribbeck
1174 2464 1303 2499 Rhein.
1336 2463 1428 2498 Mus.
1461 2462 1580 2498 XXIX
1613 2463 1646 2498 S.
1674 2467 1732 2505 22,

318 2512 391 2557 vgl.
419 2512 550 2546 Bacch.
578 2513 610 2546 II
637 2517 674 2555 2,
703 2517 758 2548 56.
785 2513 895 2548 Mero.
922 2511 972 2546 IV
999 2515 1038 2553 2,
1064 2516 1102 2555 8,
1135 2515 1166 2546 et
1190 2512 1285 2546 sensi
1315 2511 1400 2545 hinc
1423 2512 1581 2545 sonitum
1606 2510 1638 2544 R
1663 2509 1733 2545 mit

320 2559 469 2602 Gruter,
497 2559 612 2594 worin
638 2560 767 2605 Bugge
794 2571 862 2594 nur
886 2560 946 2594 sed
971 2558 1030 2592 fiir
1055 2562 1087 2593 et
1111 2557 1352 2602 not-hwendig
1392 2557 1522 2600 findet,
1560 2560 1592 2592 et
1622 2557 1733 2592 sensit

315 2606 400 2640 hinc
424 2606 583 2641 sonitum
608 2607 652 2641 H.

318 2654 465 2688 militem
491 2653 624 2688 Msiller
650 2655 748 2688 Pros.
772 2654 805 2687 S.
833 2658 895 2698 33,
934 2653 1036 2687 illum
1062 2652 1112 2695 H,
1150 2653 1249 2686 illum
1277 2651 1414 2686 alicubi
1445 2650 1611 2686 Ribbeck
1643 2650 1667 2686 1.
1694 2650 1731 2694 1.,

316 2701 466 2735 iamiam
491 2702 700 2735 comeniam
725 2701 773 2744 R,
799 2701 874 2734 iam
899 2710 985 2735 com
989 2700 1108 2734 eniam
1135 2699 1177 2734 H.

178 2751 278 2781 1381.
310 2758 427 2792 puero
446 2748 531 2782 huic
555 2748 597 2782 R.

179 2798 276 2829 1388.

319 2795 408 2829 Illic
435 2795 535 2838 ipsus
559 2805 630 2829 sese
654 2794 774 2829 Luchs
809 2793 847 2828 in
885 2793 1049 2828 Stude-m.
1079 2793 1181 2828 Stud.
1210 2793 1222 2827 1
1254 2798 1267 2827 1
1297 2804 1332 2838 p.
1361 2796 1422 2836 47,
1458 2804 1484 2827 s
1513 2791 1600 2826 aber
1625 2790 1731 2836 Capt.

318 2841 351 2875 II
379 2845 416 2886 2,
443 2845 497 2876 29.
537 2841 618 2878 Ter.
646 2842 753 2876 Ihor.
781 2841 896 2885 1112,
923 2844 978 2875 23.
